<?xml version="1.0" encoding="UTF-8"?><collection xmlns="http://www.loc.gov/MARC21/slim"><record><leader>00432nam--2200133-i-4500</leader><controlfield tag="001">000022825</controlfield><controlfield tag="002">20161230</controlfield><controlfield tag="005">20161230201034</controlfield><controlfield tag="008">060222s1000------------r-----000-0-eng-d</controlfield><datafield ind1=" " ind2=" " tag="080"><subfield code="a">621.37</subfield></datafield><datafield ind1=" " ind2=" " tag="100"><subfield code="a">Hatfield, Lynn Lamar</subfield></datafield><datafield ind1=" " ind2=" " tag="245"><subfield code="a">Radio frequency time-resolved spectroscopy a measurement of the lamb shift at the n=4 level in ionized helium. thesis</subfield></datafield><datafield ind1=" " ind2=" " tag="260"><subfield code="a">Ann Arbor, University Microfilms, Inc., 1967. 71 P</subfield></datafield><datafield ind1=" " ind2=" " tag="852"><subfield code="a">29232</subfield></datafield></record></collection>